% Encoding: UTF-8

@InProceedings{Loubach2022a,
	author={Loubach, Denis S.},
	booktitle={2022 IEEE XXIX International Conference on Electronics, Electrical Engineering and Computing (INTERCON)}, 
	title={A High-Level Synthesis Approach Applicable to Autonomous Embedded Systems}, 
	year={2022},
	volume={},
	number={},
	pages={1-4},
	doi={10.1109/INTERCON55795.2022.9870103}}

@InProceedings{Loubach2019a,
	author = {Loubach, Denis S. and Marques, Johnny and Cunha, Adilson},
	booktitle={FT2019. Proceedings of the 10th Aerospace Technology Congress. Stockholm: Link√∂ping ECP},
	year = {2019},
	month = {10},
	pages = {156-161},
	title = {Considerations on Domain-Specific Architectures Applicability in Future Avionics Systems},
	doi = {10.3384/ecp19162018}
}

@InProceedings{Loubach2016a,
	author={Loubach, Denis S.},
	booktitle={2016 IEEE/AIAA 35th Digital Avionics Systems Conference (DASC)}, 
	title={A runtime reconfiguration design targeting avionics systems}, 
	year={2016},
	volume={},
	number={},
	pages={1-8},
	doi={10.1109/DASC.2016.7778089}}

@misc{ForSyDe-Deep,
	author={A. Acosta and I. Sander.},
	title = {{ForSyDe-Deep: A Deep-Embedded
	Synthesizer for ForSyDe Models}},
	year={2018},
	howpublished = {\url{https://forsyde.github.io/forsyde-deep}},
	note = {Accessed: 2023-04-17}
}

@misc{PtolemyII,
	author={{C. Ptolemaeus, Editor}},
	title = {{System Design, Modeling, and Simulation Using Ptolemy II}},
	year={2014},
	howpublished = {\url{http://ptolemy.org/books/Systems}},
	note = {Accessed: 2023-04-17}
}

@Comment{jabref-meta: databaseType:bibtex;}
